<record><leader>00000cas a2200000 a 4500</leader><controlfield tag="001">16637935</controlfield><controlfield tag="008">870903d18861906ohuwr ne      0   a0eng  </controlfield><controlfield tag="009">8043</controlfield><datafield ind1=" " ind2=" " tag="010"><subfield code="a">sn 87075048 </subfield></datafield><datafield ind1=" " ind2=" " tag="040"><subfield code="a">ONP</subfield><subfield code="b">eng</subfield><subfield code="c">ONP</subfield><subfield code="d">DLC</subfield><subfield code="d">OCLCF</subfield></datafield><datafield ind1=" " ind2=" " tag="012"><subfield code="l">a</subfield></datafield><datafield ind1="1" ind2=" " tag="022"><subfield code="a">2157-4863</subfield><subfield code="2">1</subfield></datafield><datafield ind1=" " ind2=" " tag="042"><subfield code="a">pcc</subfield><subfield code="a">nsdp</subfield></datafield><datafield ind1=" " ind2=" " tag="043"><subfield code="a">n-us-oh</subfield></datafield><datafield ind1="0" ind2="0" tag="050"><subfield code="a">Newspaper</subfield></datafield><datafield ind1="0" ind2=" " tag="130"><subfield code="a">Ohio Democrat (Logan, Ohio)</subfield></datafield><datafield ind1=" " ind2="4" tag="222"><subfield code="a">The Ohio Democrat</subfield><subfield code="b">(Logan, Ohio)</subfield></datafield><datafield ind1="1" ind2="4" tag="245"><subfield code="a">The Ohio Democrat.</subfield></datafield><datafield ind1="1" ind2="7" tag="246"><subfield code="a">Semi-weekly Ohio Democrat</subfield><subfield code="f">Mar. 3, 1896-June 28, 1898</subfield></datafield><datafield ind1=" " ind2=" " tag="260"><subfield code="a">Logan, O. [Ohio] :</subfield><subfield code="b">Brehm &amp; White,</subfield><subfield code="c">1886-1906.</subfield></datafield><datafield ind1=" " ind2=" " tag="310"><subfield code="a">Weekly,</subfield><subfield code="b">July 3, 1898-Mar. 15, 1906</subfield></datafield><datafield ind1=" " ind2=" " tag="321"><subfield code="a">Weekly,</subfield><subfield code="b">July 3, 1886-Aug. 25, 1894</subfield></datafield><datafield ind1=" " ind2=" " tag="321"><subfield code="a">Semiweekly,</subfield><subfield code="b">Aug. 29, 1894-June 30, 1898</subfield></datafield><datafield ind1="0" ind2=" " tag="362"><subfield code="a">Vol. 1, no. 1 (July 3, 1886)-v. 24, no. 11 (Mar. 15, 1906).</subfield></datafield><datafield ind1=" " ind2=" " tag="530"><subfield code="a">Archived issues are available in digital format as part of the Library of Congress Chronicling America online collection.</subfield></datafield><datafield ind1=" " ind2="0" tag="651"><subfield code="a">Logan (Ohio)</subfield><subfield code="v">Newspapers.</subfield></datafield><datafield ind1=" " ind2="7" tag="655"><subfield code="a">Newspapers.</subfield><subfield code="2">fast</subfield><subfield code="0">(OCoLC)fst01423814</subfield></datafield><datafield ind1=" " ind2="7" tag="651"><subfield code="a">Ohio</subfield><subfield code="z">Logan.</subfield><subfield code="2">fast</subfield><subfield code="0">(OCoLC)fst01227961</subfield></datafield><datafield ind1=" " ind2=" " tag="752"><subfield code="a">United States</subfield><subfield code="b">Ohio</subfield><subfield code="c">Hocking</subfield><subfield code="d">Logan.</subfield></datafield><datafield ind1="0" ind2="7" tag="785"><subfield code="t">Hocking sentinel (Logan, Ohio : 1871)</subfield><subfield code="x">2157-3344</subfield><subfield code="w">(DLC)sn 85038119</subfield><subfield code="w">(OCoLC)11828903</subfield></datafield><datafield ind1="0" ind2="7" tag="785"><subfield code="t">Democrat-sentinel (Logan, Ohio)</subfield><subfield code="x">2157-3352</subfield><subfield code="w">(DLC)sn 85038120</subfield><subfield code="w">(OCoLC)11828921</subfield></datafield><datafield ind1="4" ind2="1" tag="856"><subfield code="u">http://www.loc.gov/chroniclingamerica/lccn/sn87075048/issues</subfield></datafield></record>